@book{koza92,
		author    = "Koza, John R.",
		title     = "Genetic Programming: On the Programming of Computers by Means of Natural Selection",
		publisher = "MIT Press",
		year      = "1992"
}


@misc{ wiki:latex,
       author = "Wikipedia",
       title = "LaTeX --- Wikipedia{,} La enciclopedia libre",
       year = "2015",
       url = "https://es.wikipedia.org/w/index.php?title=LaTeX&oldid=84209252",
       note = "[Internet; descargado 30-septiembre-2015]"
}

@misc{coquiXTTSv2,
  author = {{Coqui}},
  title = {{X}{T}{T}{S}-v2 --- {H}ugging {F}ace},
  howpublished = {\url{https://huggingface.co/coqui/XTTS-v2}},
  year = {2024},
  note = {[Accessed 3-06-2025]},
}
@misc{openaiWhisperV3,
  author = {{OpenAI}},
  title = {{W}hisper-large-v3 --- {H}ugging {F}ace},
  howpublished = {\url{https://huggingface.co/openai/whisper-large-v3}},
  year = {2024},
  note = {[Accessed 3-06-2025]},
}
@misc{python312,
  author = {{Python Software Foundation}},
  title = {{P}ython 3.12.0 Release --- python.org},
  howpublished = {\url{https://www.python.org/downloads/release/python-3120/}},
  year = {2023},
  note = {[Accessed 3-06-2025]},
}

@misc{poetryDocs,
  author = {{Python Poetry Project}},
  title = {{P}oetry Documentation --- python-poetry.org},
  howpublished = {\url{https://python-poetry.org/docs/}},
  year = {2024},
  note = {[Accessed 3-06-2025]},
}

@misc{VACARepo,
  author = {Martínez García, Víctor Manuel},
  title = {{V}{A}{C}{A} - Voice Assisted Computer Accessibility},
  howpublished = {\url{https://github.com/VictorManuelMG/TFGGII_VACA}},
  year = {2025},
  note = {[Accessed 3-06-2025]},
}

@article{Bonatti2024WindowsAgentArena,
  author       = {Bonatti, Rogerio and Zhao, Dan and Bonacci, Francesco and Dupont, Dillon and Abdali, Sara and Li, Yinheng and Lu, Yadong and Wagle, Justin and Koishida, Kazuhito and Bucker, Arthur and Jang, Lawrence and Hui, Zack},
  title        = {{Windows Agent Arena: Evaluating Multi‑Modal OS Agents at Scale}},
  journal      = {arXiv preprint arXiv:2409.08264},
  year         = {2024},
  note         = {Submitted 12 Sep 2024; revised 13 Sep 2024},
  url          = {https://arxiv.org/abs/2409.08264},
}